@article{stack,
    author    = "Xi Wang and
                 Nickolai Zeldovich and
                 M. Fraans Kaashoek and
                 Armando Solar-Lezama",
    title     = "Towards Optimization Safe Systems:
                 Analyzing the Impact of Undefined Behavior",
    journal   = "SOSP",
    year      = "2013",
}

@inproceedings{chen-kbugs,
    author    = "Haogang Chen and
                 Yandong Mao and
                 Xi Wang and
                 Dong Zhou and
                 Nickolai Zeldovich and
                 M. Fraans Kaashoek
                 ",
    title     = "Linux kernel vulnerabilities:
                 State-of-the-art defenses and open problems",
    journal   = "In Proceedings of the Second Asia-Pacific Workshop on Systems
                 (APSys '11)",
    publisher = "ACM",
    year      = "2011",
}

@misc{cve-2013-6632,
    title        = "{CVE}-2013-6632",
    year         = "2013",
    howpublished = "\url{http://cve.mitre.org/cgi-bin/cvename.cgi?name=CVE-2013-6632}",
    note         = {Accessed 2013-12-13},
}

@misc{patch-tor,
    title        = "Ticket 10313: Pointer Overflow Leads To Undefined Behavior,
                    No Error Handling",
    year         = "2013",
    howpublished = "\url{https://trac.torproject.org/projects/tor/ticket/10313}",
}

@misc{patch-svn-1,
    title        = "Revision 1548480: Fixed correct pointer comparison to NULL",
    year         = "2013",
    howpublished = "\url{http://svn.apache.org/viewvc?view=revision&revision=1548480}",
}

@misc{patch-svn-2,
    title        = "Revision 1548486: Fixed incorrect pointer check against NULL",
    year         = "2013",
    howpublished = "\url{http://svn.apache.org/viewvc?view=revision&revision=1548486}",
}

